@phdthesis{starch_perimetry_1908,
  author = {Daniel Starch},
  title = {Perimetry of the Localization of Sound},
  school = {State University of Iowa},
  year = {1908},
  pages = {35 ff.},
  type = {Ph.D. dissertation}
}

@inbook{schneider_fdtd_2010,
   author = {John B. Schneider},
   title = {Understanding the Finite-Difference Time-Domain Method},
   year = {2010},
   url = {www.eecs.wsu.edu/~schneidj/ufdtd},
   chapter = {12},
   page = {323},
}

@article{wang_wbss_2018,
    author = {Wang, Jui-Hsien and Qu, Ante and Langlois, Timothy R. and James, Doug L.},
    title = {Toward Wave-based Sound Synthesis for Computer Animation},
    journal = {ACM Trans. Graph.},
    issue_date = {August 2018},
    volume = {37},
    number = {4},
    year = {2018},
    issn = {0730-0301},
    pages = {109:1--109:16},
    articleno = {109},
    numpages = {16},
    url = {http://doi.acm.org/10.1145/3197517.3201318},
    doi = {10.1145/3197517.3201318},
    acmid = {3201318},
    publisher = {ACM},
}

@misc{clarke_realimpact_2023,
    title={RealImpact: A Dataset of Impact Sound Fields for Real Objects}, 
    author={Samuel Clarke and Ruohan Gao and Mason Wang and Mark Rau and Julia Xu and Jui-Hsien Wang and Doug L. James and Jiajun Wu},
    year={2023},
    eprint={2306.09944},
    archivePrefix={arXiv},
}

@misc{vegafem,
    title = {Vega FEM Library},
    url = {http://www.jernejbarbic.com/vega},
    urldate = {2023-02-04},
    author = {Jernej Barbič, Fun Shing Sin, Daniel Schroeder:},
    year = {2012}
}

@article{si_tetgen_2015,
    title = {{TetGen}, a {Delaunay}-{Based} {Quality} {Tetrahedral} {Mesh} {Generator}},
    volume = {41},
    issn = {0098-3500},
    url = {https://doi.org/10.1145/2629697},
    doi = {10.1145/2629697},
    number = {2},
    journal = {ACM Transactions on Mathematical Software},
    author = {Si, Hang},
    month = feb,
    year = {2015},
    pages = {11:1--11:36},
}

@misc{spectra,
    title = {Spectra - C++ Library For Large Scale Eigenvalue Problem},
    url = {https://spectralib.org/},
    author = {Yixuan Qiu},
    year = {2024}
}

@misc{faust,
    title = {Faust - Functional Programming Language for Signal Processing and Sound Synthesis},
    url = {https://github.com/grame-cncm/faust},
    author = {Orlarey, Yann and Fober, Dominique and Letz, Stéphane},
    publisher = {GRAME},
    year = {2024}
}

@misc{miniaudio,
    title = {miniaudio - An audio playback and capture library in a single source file},
    url = {https://github.com/mackron/miniaudio},
    author = {David Reid},
    year = {2024}
}

@misc{michon_mesh2faust,
    title = {MESH2FAUST: A Modal Physical Model Generator for the Faust Programming Language -Application to Bell Modeling},
    author = {Michon, Romain and Martin, Sara R and Smith, Julius O},
    year = {2021},
    month = {3}
}

@misc{mesh2audio,
    title = {Mesh2Audio},
    author={Hiner, Karl and Wilfong, Ben},
    url = {https://github.com/GATech-CSE-6730-Spring-2023-Project/mesh2audio},
    month = dec,
    year = {2023}
}

@misc{elbaz_perceptual_2017,
    title = {Perceptual audio loss function for deep learning},
    url = {http://arxiv.org/abs/1708.05987},
    doi = {10.48550/arXiv.1708.05987},
    urldate = {2024-05-02},
    publisher = {arXiv},
    author = {Elbaz, Dan and Zibulevsky, Michael},
    month = aug,
    year = {2017},
    note = {arXiv:1708.05987 [cs]},
    keywords = {Computer Science - Machine Learning, Computer Science - Sound}
}

@article{smith_bark_1999,
    title = {Bark and {ERB} bilinear transforms},
    volume = {7},
    copyright = {https://ieeexplore.ieee.org/Xplorehelp/downloads/license-information/IEEE.html},
    issn = {10636676},
    url = {http://ieeexplore.ieee.org/document/799695/},
    doi = {10.1109/89.799695},
    language = {en},
    number = {6},
    urldate = {2024-05-02},
    journal = {IEEE Transactions on Speech and Audio Processing},
    author = {Smith, J.O. and Abel, J.S.},
    month = nov,
    year = {1999},
    pages = {697--708}
}

@book{smith_pasp,
   title = {Physical Audio Signal Processing: for Musical Instruments and Audio Effects},
   author = {Smith III, Julius O.},
   year = {2010},
   publisher = {W3K Publishing}
}

@article{afolabi_degenerate_modes,
    title = {Modal {Interaction} in {Linear} {Dynamic} {Systems} {Near} {Degenerate} {Modes}},
    author = {Afolabi, D},
    year = {1991},
    month = nov
}

@article{wang_kleinpat_2019,
    title = {{KleinPAT}: optimal mode conflation for time-domain precomputation of acoustic transfer},
    volume = {38},
    issn = {0730-0301, 1557-7368},
    shorttitle = {{KleinPAT}},
    url = {https://dl.acm.org/doi/10.1145/3306346.3322976},
    doi = {10.1145/3306346.3322976},
    number = {4},
    journal = {ACM Transactions on Graphics},
    author = {Wang, Jui-Hsien and James, Doug L.},
    month = aug,
    year = {2019},
}

@inproceedings{engel_ddsp_2019,
    title = {{DDSP}: {Differentiable} {Digital} {Signal} {Processing}},
    shorttitle = {{DDSP}},
    url = {https://openreview.net/forum?id=B1x1ma4tDr},
    author = {Engel, Jesse and Hantrakul, Lamtharn (Hanoi) and Gu, Chenjie and Roberts, Adam},
    month = sep,
    year = {2019}
}


@misc{wang_neural_2019,
    title = {Neural source-filter waveform models for statistical parametric speech synthesis},
    url = {http://arxiv.org/abs/1904.12088},
    doi = {10.48550/arXiv.1904.12088},
    publisher = {arXiv},
    author = {Wang, Xin and Takaki, Shinji and Yamagishi, Junichi},
    month = nov,
    year = {2019}
}
